<record><leader>01048cam a2200277 a 4500</leader><controlfield tag="001">1316651</controlfield><controlfield tag="008">900830s1985    nyua              0 eng c</controlfield><datafield ind1=" " ind2=" " tag="020"><subfield code="a">0831777133</subfield></datafield><datafield ind1=" " ind2=" " tag="035"><subfield code="a">ocm13193783</subfield></datafield><datafield ind1=" " ind2=" " tag="040"><subfield code="b">eng</subfield></datafield><datafield ind1=" " ind2=" " tag="049"><subfield code="a">AEU</subfield><subfield code="b">eng</subfield></datafield><datafield ind1=" " ind2="3" tag="055"><subfield code="a">PN 1995.9 S26</subfield><subfield code="b">C95 1985</subfield></datafield><datafield ind1=" " ind2="4" tag="082"><subfield code="a">791.435</subfield><subfield code="2">19</subfield></datafield><datafield ind1="0" ind2=" " tag="090"><subfield code="a">PN 1995.9 S26 C95 1985</subfield></datafield><datafield ind1="1" ind2=" " tag="100"><subfield code="a">Cross, Robin.</subfield></datafield><datafield ind1="1" ind2="0" tag="245"><subfield code="a">Science fiction films /</subfield><subfield code="c">Robin Cross.</subfield></datafield><datafield ind1=" " ind2=" " tag="260"><subfield code="a">New York :</subfield><subfield code="b">Gallery Books,</subfield><subfield code="c">c1985.</subfield></datafield><datafield ind1=" " ind2=" " tag="300"><subfield code="a">88 p. :</subfield><subfield code="b">ill. (some col.) ;</subfield><subfield code="c">30 cm.</subfield></datafield><datafield ind1=" " ind2=" " tag="336"><subfield code="a">text</subfield><subfield code="b">txt</subfield><subfield code="2">rdacontent</subfield></datafield><datafield ind1=" " ind2=" " tag="337"><subfield code="a">unmediated</subfield><subfield code="b">n</subfield><subfield code="2">rdamedia</subfield></datafield><datafield ind1=" " ind2=" " tag="338"><subfield code="a">volume</subfield><subfield code="b">nc</subfield><subfield code="2">rdacarrier</subfield></datafield><datafield ind1=" " ind2=" " tag="590"><subfield code="a">University of Alberta copy in the Science Fiction &amp; Fantasy Research Collection.</subfield><subfield code="5">CaAEU</subfield></datafield><datafield ind1=" " ind2=" " tag="596"><subfield code="a">38 43</subfield></datafield><datafield ind1=" " ind2="7" tag="655"><subfield code="a">Science fiction films.</subfield><subfield code="2">lcgft</subfield></datafield><datafield ind1=" " ind2=" " tag="926"><subfield code="a">PN 1995.9 S26 C95 1985</subfield><subfield code="w">LC</subfield><subfield code="c">1</subfield><subfield code="i">000033789736</subfield><subfield code="d">10/17/2012</subfield><subfield code="e">12/23/2010</subfield><subfield code="l">ON_SHELF</subfield><subfield code="m">UAHSS</subfield><subfield code="n">19</subfield><subfield code="p">$150.00</subfield><subfield code="r">Y</subfield><subfield code="s">Y</subfield><subfield code="t">BOOK</subfield><subfield code="u">9/12/1990</subfield></datafield><datafield ind1=" " ind2=" " tag="926"><subfield code="a">PN 1995.9 S26 C95 1985</subfield><subfield code="w">LC</subfield><subfield code="c">1</subfield><subfield code="i">0162032319905</subfield><subfield code="l">ON_SHELF</subfield><subfield code="m">UABARD</subfield><subfield code="p">$150.00</subfield><subfield code="r">Y</subfield><subfield code="s">Y</subfield><subfield code="t">BOOK</subfield><subfield code="u">12/5/2012</subfield><subfield code="o">.STAFF. B0053005</subfield></datafield></record>